<?xml version="1.0" encoding="utf-8"?>
<record xmlns="http://www.loc.gov/MARC21/slim" xmlns:xsi="http://www.w3.org/2001/XMLSchema-instance" xsi:schemaLocation="http://www.loc.gov/MARC21/slim http://www.loc.gov/standards/marcxml/schema/MARC21slim.xsd">
	<leader>     nam a22     Mi 4500</leader>
	<controlfield tag="001">2793453</controlfield>
	<controlfield tag="003">NjP</controlfield>
	<controlfield tag="006">m        d        </controlfield>
	<controlfield tag="007">cr cn |||m|||a</controlfield>
	<controlfield tag="008">210308q19001999mr      o     000 0 ara d</controlfield>
	<datafield ind1="7" ind2=" " tag="024">
		<subfield code="a">princeton_aco003907</subfield>
		<subfield code="2">local</subfield>
	</datafield>
	<datafield ind1=" " ind2=" " tag="040">
		<subfield code="a">ZYU</subfield>
		<subfield code="b">ara</subfield>
		<subfield code="c">ZYU</subfield>
	</datafield>
	<datafield ind1="1" ind2=" " tag="100">
		<subfield code="a">Zayyātī, ʻAbd al-ʻAzīz ibn al-Ḥasan,</subfield>
		<subfield code="d">-1645 or 1646.</subfield>
		<subfield code="0">http://id.loc.gov/authorities/names/no00011710</subfield>
	</datafield>
	<datafield ind1="1" ind2="0" tag="240">
		<subfield code="a">Sharḥ al-Zayyātī ʻalá Naẓm al-zakāh</subfield>
	</datafield>
	<datafield ind1="1" ind2="0" tag="245">
		<subfield code="a">Sharḥ al-faqīh al-ʻālim al-ʻallāmah al-muḥaqqiq al-mudaqqiq Abī Muḥammad Sayyidī ʻAbd al-ʻAzīz ibn al-Ḥasan al-Zayyātī ʻalá Naẓm al-zakāh lil-Imām al-ʻallāmah al-muḥaqqiq al-shahīr Abī ʻAbd Allāh Sayyidī Muḥammad al-ʻArabī ibn al-Imām al-ʻārif billāh Abī al-Maḥāsin Sayyidī Yūsuf al-Fāsī</subfield>
		<subfield code="h">[electronic resource].</subfield>
	</datafield>
	<datafield ind1="3" ind2="0" tag="246">
		<subfield code="a">Sharḥ al-Zayyātī ʻalá Naẓm al-zakāh</subfield>
	</datafield>
	<datafield ind1=" " ind2=" " tag="260">
		<subfield code="a">[Morocco :</subfield>
		<subfield code="b">s.n.,</subfield>
		<subfield code="c">19--?]</subfield>
	</datafield>
	<datafield ind1=" " ind2=" " tag="300">
		<subfield code="a">online resource (1 v. (various pagings))</subfield>
	</datafield>
	<datafield ind1=" " ind2=" " tag="500">
		<subfield code="a">Part of the Arabic Collections Online (ACO) project, contributed by Princeton University Libraries.</subfield>
	</datafield>
	<datafield ind1=" " ind2=" " tag="533">
		<subfield code="a">Electronic reproduction.</subfield>
		<subfield code="b">New York, N.Y. :</subfield>
		<subfield code="c">New York University,</subfield>
		<subfield code="d">2021.</subfield>
		<subfield code="5">NNU</subfield>
	</datafield>
	<datafield ind1=" " ind2=" " tag="590">
		<subfield code="a">Firestone copy 1 with: Sharḥ al-shaykh al-Imām al-ʻallāmah Sayyidī Abī al-Qāsim ibn Khajjū ʻalá Manẓūmah fī al-ʻiddah lil-Imām al-Hibṭī. [Morocco : s.n., 191-?]. Bound together subsequent to publication.</subfield>
	</datafield>
	<datafield ind1="1" ind2="0" tag="600">
		<subfield code="a">ʻArabī, Muḥammad ibn Yūsuf,</subfield>
		<subfield code="d">1580-1642.</subfield>
		<subfield code="t">Naẓm al-zakāh.</subfield>
	</datafield>
	<datafield ind1=" " ind2="0" tag="650">
		<subfield code="a">Zakat</subfield>
		<subfield code="v">Early works to 1800.</subfield>
	</datafield>
	<datafield ind1=" " ind2="7" tag="655">
		<subfield code="a">Lithographs</subfield>
		<subfield code="z">Morocco</subfield>
		<subfield code="2">gmgpc</subfield>
	</datafield>
	<datafield ind1="2" ind2=" " tag="710">
		<subfield code="a">Princeton University.</subfield>
		<subfield code="b">Library.</subfield>
	</datafield>
	<datafield ind1="0" ind2=" " tag="730">
		<subfield code="a">Arabic Collections Online.</subfield>
	</datafield>
	<datafield ind1="0" ind2="8" tag="776">
		<subfield code="i">Print version:</subfield>
		<subfield code="a">Zayyātī, ʻAbd al-ʻAzīz ibn al-Ḥasan, -1645 or 1646. http://id.loc.gov/authorities/names/no00011710</subfield>
		<subfield code="t">Sharḥ al-faqīh al-ʻālim al-ʻallāmah al-muḥaqqiq al-mudaqqiq Abī Muḥammad Sayyidī ʻAbd al-ʻAzīz ibn al-Ḥasan al-Zayyātī ʻalá Naẓm al-zakāh lil-Imām al-ʻallāmah al-muḥaqqiq al-shahīr Abī ʻAbd Allāh Sayyidī Muḥammad al-ʻArabī ibn al-Imām al-ʻārif billāh Abī al-Maḥāsin Sayyidī Yūsuf al-Fāsī</subfield>
		<subfield code="w">(NjP)2793453</subfield>
	</datafield>
	<datafield ind1="4" ind2="0" tag="856">
		<subfield code="u">http://hdl.handle.net/2333.1/sxksn99w</subfield>
	</datafield>
	<datafield ind1=" " ind2=" " tag="948">
		<subfield code="a">jeb</subfield>
	</datafield>
	<datafield ind1=" " ind2=" " tag="911">
		<subfield code="a">20000211</subfield>
	</datafield>
	<datafield ind1=" " ind2=" " tag="912">
		<subfield code="a">20000225054148.0</subfield>
	</datafield>
	<datafield ind1=" " ind2=" " tag="959">
		<subfield code="a">2000-06-13 00:00:00 -0400</subfield>
	</datafield>
	<datafield ind1=" " ind2=" " tag="959">
		<subfield code="a">NNU</subfield>
		<subfield code="b">WEB</subfield>
		<subfield code="c">GENI</subfield>
		<subfield code="t">0</subfield>
		<subfield code="m">Electronic access</subfield>
		<subfield code="s">01</subfield>
	</datafield>
	<datafield ind1=" " ind2=" " tag="999">
		<subfield code="i">NjP_2793453</subfield>
		<subfield code="s">princeton_aco003907:</subfield>
		<subfield code="e">(ERROR-880)(ERROR-MISC)</subfield>
	</datafield>
</record>
